@article{elgamal1985public,
  title={A public key cryptosystem and a signature scheme based on discrete logarithms},
  author={ElGamal, Taher},
  journal={IEEE transactions on information theory},
  volume={31},
  number={4},
  pages={469--472},
  year={1985},
  publisher={IEEE}
}


@article{diffie1988first,
  title={The first ten years of public-key cryptography},
  author={Diffie, Whitfield},
  journal={Proceedings of the IEEE},
  volume={76},
  number={5},
  pages={560--577},
  year={1988},
  publisher={IEEE}
}


@article{herstein1975topics,
  title={Topics in Algebra-John Wiley \& Sons},
  author={Herstein, IN},
  journal={Inc., USA},
  year={1975}
}

@book{rotman2015advanced,
  title={Advanced modern algebra},
  author={Rotman, Joseph J},
  volume={165},
  year={2015},
  publisher={American Mathematical Soc.}
}

@article{doliskani2008cryptosystem,
  title={A cryptosystem based on the symmetric group Sn},
  author={Doliskani, Javad N and Malekian, Ehsan and Zakerolhosseini, Ali},
  journal={International Journal of Computer Science and Network Security},
  volume={8},
  number={2},
  pages={226--234},
  year={2008}
}

@incollection{pohlig2022improved,
  title={An improved algorithm for computing logarithms over GF (p) and its cryptographic significance},
  author={Pohlig, Stephen C and Hellman, Martin E},
  booktitle={Democratizing Cryptography: The Work of Whitfield Diffie and Martin Hellman},
  pages={415--430},
  year={2022}
}